<?xml version="1.0" encoding="UTF-8"?><collection xmlns="http://www.loc.gov/MARC21/slim"><record><leader>00411nam--2200145-i-4500</leader><controlfield tag="001">000043482</controlfield><controlfield tag="002">20161230</controlfield><controlfield tag="005">20170125171532</controlfield><controlfield tag="008">060222s1000------------r-----000-0-eng-d</controlfield><datafield ind1=" " ind2=" " tag="245"><subfield code="a">Table of the desscending exponential x+2,5 to x+10</subfield></datafield><datafield ind1=" " ind2=" " tag="260"><subfield code="a">Washington</subfield><subfield code="b">U.S.Dept.Of Commerce</subfield><subfield code="c">1955</subfield></datafield><datafield ind1=" " ind2=" " tag="300"><subfield code="a">V+76 p</subfield></datafield><datafield ind1=" " ind2=" " tag="490"><subfield code="a">Nat.Bureau Of Standard, Appl.Math.Series</subfield></datafield><datafield ind1=" " ind2=" " tag="852"><subfield code="a">12632</subfield></datafield><datafield ind1=" " ind2=" " tag="CAT"><subfield code="a">SYS</subfield><subfield code="c">20170125</subfield><subfield code="h">171532</subfield></datafield></record></collection>